@misc{dsfc,
    organization = "{Impact Canada}",
    title = "{Deep Space Food Challenge}",
    url = {https://impact.canada.ca/en/challenges/deep-space-food-challenge},
    note = {Launched by NASA/CSA}
}
@misc{applicantguide,
    organization = "{Impact Canada}",
    title = "{DSFC Applicant Guide}",
    url = {https://impact.canada.ca/en/challenges/deep-space-food-challenge/application-guide},
    note = {Launched by NASA/CSA}
}
@techreport{nutrition,
    type = {Standard},
    day = {12},
    month = {02},
    year = {2015},
    title = {{Excerpt of NASA-STD-3001: Section 7.1 Food and Nutrition}},
    institution = {National Aeronautics and Space Administration},
    url = {https://impact.canada.ca/challenges/deep-space-food-challenge/excerpt}
}